<record><leader>00000cas a22000007a 4500</leader><controlfield tag="001">20680948</controlfield><controlfield tag="008">891121c19299999mouwr ne      0    0eng d</controlfield><datafield ind1=" " ind2=" " tag="010"><subfield code="a">sn 89067479 </subfield></datafield><datafield ind1=" " ind2=" " tag="040"><subfield code="a">MQN</subfield><subfield code="b">eng</subfield><subfield code="c">MQN</subfield><subfield code="d">OCLCQ</subfield></datafield><datafield ind1=" " ind2=" " tag="042"><subfield code="a">msc</subfield></datafield><datafield ind1="0" ind2=" " tag="130"><subfield code="a">Times-tribune (Grant City, Mo.)</subfield></datafield><datafield ind1="1" ind2="4" tag="245"><subfield code="a">The times-tribune.</subfield></datafield><datafield ind1=" " ind2=" " tag="260"><subfield code="a">Grant City, Mo. :</subfield><subfield code="b">Times-Tribune Co.,</subfield><subfield code="c">1929-</subfield></datafield><datafield ind1=" " ind2=" " tag="300"><subfield code="a">v.</subfield></datafield><datafield ind1=" " ind2=" " tag="310"><subfield code="a">Weekly</subfield></datafield><datafield ind1="0" ind2=" " tag="362"><subfield code="a">Vol. 56, no. 31 (Jan. 2, 1929)-</subfield></datafield><datafield ind1=" " ind2=" " tag="515"><subfield code="a">Continues numbering of: Worth County times.</subfield></datafield><datafield ind1=" " ind2=" " tag="752"><subfield code="a">United States</subfield><subfield code="b">Missouri</subfield><subfield code="c">Worth</subfield><subfield code="d">Grant City.</subfield></datafield><datafield ind1="0" ind2="4" tag="780"><subfield code="t">Worth County times</subfield><subfield code="w">(DLC)sn 86054045</subfield></datafield><datafield ind1="0" ind2="4" tag="780"><subfield code="t">Worth County tribune</subfield><subfield code="w">(DLC)sn 89067476</subfield></datafield></record>